@misc{gnb,
  title = {{GaussianNB}},
  howpublished = {\url{http://scikit-learn.org/stable/modules/generated/sklearn.naive_bayes.GaussianNB.html}},
  note = {Accessed: 2016-02-22}
}

@misc{knn,
  title = {{KNeighborsClassifier}},
  howpublished = {\url{http://scikit-learn.org/stable/modules/generated/sklearn.neighbors.KNeighborsClassifier.html}},
  note = {Accessed: 2016-02-22}
}

@misc{lda,
  title = {{LinearDiscriminantAnalysis}},
  howpublished = {\url{http://scikit-learn.org/stable/modules/generated/sklearn.discriminant_analysis.LinearDiscriminantAnalysis.html}},
  note = {Accessed: 2016-02-22}
}

@misc{qda,
  title = {{QuadraticDiscriminantAnalysis}},
  howpublished = {\url{http://scikit-learn.org/stable/modules/generated/sklearn.discriminant_analysis.QuadraticDiscriminantAnalysis.html}},
  note = {Accessed: 2016-02-22}
}


@misc{svm,
  title = {{SVC}},
  howpublished = {\url{http://scikit-learn.org/stable/modules/generated/sklearn.svm.SVC.html#sklearn.svm.SVC}},
  note = {Accessed: 2016-02-22}
}

@misc{rf,
  title = {{RandomForestClassifier}},
  howpublished = {\url{http://scikit-learn.org/stable/modules/generated/sklearn.ensemble.RandomForestClassifier.html}},
  note = {Accessed: 2016-02-22}
}


@article{Wu,
 author = {Wu, Ming-Ju and Jang, Jyh-Shing R.},
 title = {Combining Acoustic and Multilevel Visual Features for Music Genre Classification},
 journal = {ACM Trans. Multimedia Comput. Commun. Appl.},
 issue_date = {August 2015},
 volume = {12},
 number = {1},
 month = aug,
 year = {2015},
 issn = {1551-6857},
 pages = {10:1--10:17},
 articleno = {10},
 numpages = {17},
 url = {http://doi.acm.org/10.1145/2801127},
 doi = {10.1145/2801127},
 acmid = {2801127},
 publisher = {ACM},
 address = {New York, NY, USA},
 keywords = {Music genre classification},
}

@article{sample,
 author = {Brudage,T. and Gliner, G. and Jin, Z. and Wolf, K.},
 title = { Music Genre Classification},
 url = {https://github.com/grgliner/voxResources/blob/master/MusicGenreClassificationInformation.pdf},
}  


@inproceedings{Hu,
 author = {Hu, Yajie and Ogihara, Mitsunori},
 title = {Genre Classification for Million Song Dataset Using Confidence-based Classifiers Combination},
 booktitle = {Proceedings of the 35th International ACM SIGIR Conference on Research and Development in Information Retrieval},
 series = {SIGIR '12},
 year = {2012},
 isbn = {978-1-4503-1472-5},
 location = {Portland, Oregon, USA},
 pages = {1083--1084},
 numpages = {2},
 url = {http://doi.acm.org/10.1145/2348283.2348480},
 doi = {10.1145/2348283.2348480},
 acmid = {2348480},
 publisher = {ACM},
 address = {New York, NY, USA},
 keywords = {classifier combination, song genre classification},
} 

@phdthesis{tzanetakis,
  title={Manipulation, analysis and retrieval systems for audio signals},
  author={Tzanetakis, George and Cook, Perry},
  year={2002},
  school={Princeton University Princeton, NJ}
}

@article{HAL,
	author="S{\'a}nchez, Jorge
	and Perronnin, Florent
	and Mensink, Thomas
	and Verbeek, Jakob",
	title="Image Classification with the Fisher Vector: Theory and Practice",
	journal="International Journal of Computer Vision",
	year="2013",
	volume="105",
	number="3",
	pages="222--245",
	abstract="A standard approach to describe an image for classification and retrieval purposes is to extract a set of local patch descriptors, encode them into a high dimensional vector and pool them into an image-level signature. The most common patch encoding strategy consists in quantizing the local descriptors into a finite set of prototypical elements. This leads to the popular Bag-of-Visual words representation. In this work, we propose to use the Fisher Kernel framework as an alternative patch encoding strategy: we describe patches by their deviation from an ``universal'' generative Gaussian mixture model. This representation, which we call Fisher vector has many advantages: it is efficient to compute, it leads to excellent results even with efficient linear classifiers, and it can be compressed with a minimal loss of accuracy using product quantization. We report experimental results on five standard datasets---PASCAL VOC 2007, Caltech 256, SUN 397, ILSVRC 2010 and ImageNet10K---with up to 9M images and 10K classes, showing that the FV framework is a state-of-the-art patch encoding technique.",
	issn="1573-1405",
	doi="10.1007/s11263-013-0636-x",
	url="http://dx.doi.org/10.1007/s11263-013-0636-x"
}

@INPROCEEDINGS{Dannenberg,
    author = {Roger B. Dannenberg and Belinda Thom and David Watson},
    title = {A Machine Learning Approach to Musical Style Recognition},
    booktitle = {Proc. International Computer Music Conference},
    year = {1997},
    pages = {344--347}
}

@inproceedings{GTZAN,
 author = {Sturm, Bob L.},
 title = {An Analysis of the GTZAN Music Genre Dataset},
 booktitle = {Proceedings of the Second International ACM Workshop on Music Information Retrieval with User-centered and Multimodal Strategies},
 series = {MIRUM '12},
 year = {2012},
 isbn = {978-1-4503-1591-3},
 location = {Nara, Japan},
 pages = {7--12},
 numpages = {6},
 url = {http://doi.acm.org/10.1145/2390848.2390851},
 doi = {10.1145/2390848.2390851},
 acmid = {2390851},
 publisher = {ACM},
 address = {New York, NY, USA},
 keywords = {exemplary music datasets, music genre recognition},
} 


@article{scikit-learn,
 title={Scikit-learn: Machine Learning in {P}ython},
 author={Pedregosa, F. and Varoquaux, G. and Gramfort, A. and Michel, V.
         and Thirion, B. and Grisel, O. and Blondel, M. and Prettenhofer, P.
         and Weiss, R. and Dubourg, V. and Vanderplas, J. and Passos, A. and
         Cournapeau, D. and Brucher, M. and Perrot, M. and Duchesnay, E.},
 journal={Journal of Machine Learning Research},
 volume={12},
 pages={2825--2830},
 year={2011}
}

@article{tsne,
	title={Visualizing Data	using t-SNE},
	author={Laurens van der Maaten and Geoffrey Hinton},
	journal={Journal of Machine Learning Research},
	volume={9},
	pages={2579-2605},
	year={2081}
}

@inproceedings{MIR,
	title={A matlab toolbox for musical feature extraction from audio},
	author={Olivier Lartillot and Petri Toiviainen},
	booktitle={Int. Conference on Digital Audio Effects},
	pages={237-245},
	year={2007},
}

@inproceedings{zhu2009,
  title={MedLDA: maximum margin supervised topic models for regression and classification},
  author={Zhu, Jun and Ahmed, Amr and Xing, Eric P},
  booktitle={Proceedings of the 26th Annual International Conference on Machine Learning},
  pages={1257--1264},
  year={2009},
  organization={ACM}
}

@inproceedings{lacoste2009,
  title={DiscLDA: Discriminative learning for dimensionality reduction and classification},
  author={Lacoste-Julien, Simon and Sha, Fei and Jordan, Michael I},
  booktitle={Advances in neural information processing systems},
  pages={897--904},
  year={2009}
}
@book{bird2009,
  title={Natural language processing with Python},
  author={Bird, Steven and Klein, Ewan and Loper, Edward},
  year={2009},
  publisher={" O'Reilly Media, Inc."}
}